@article{LeCun1998,
  author    = {LeCun, Yann and Bottou, LÃ©on and Bengio, Yoshua and Haffner, Patrick},
  title     = {Gradient-based learning applied to document recognition},
  journal   = {Proceedings of the IEEE},
  volume    = {86},
  number    = {11},
  pages     = {2278--2324},
  year      = {1998},
  publisher = {IEEE}
}
@inproceedings{Krizhevsky2012,
  title={ImageNet Classification with Deep Convolutional Neural Networks},
  author={Alex Krizhevsky and Ilya Sutskever and Geoffrey E. Hinton},
  booktitle={NIPS},
  year={2012},
  pages={1097--1105}
}
@misc{Assiri2020,
      title={Stochastic Optimization of Plain Convolutional Neural Networks with Simple methods}, 
      author={Yahia Assiri},
      year={2020},
      eprint={2001.08856},
}
